00541cas a22002171a 4500
001 9917737303502836
003 Nz
005 20161223172958.0
008 031218s1967    nz  r ne      000 0 eng d
035    $a (Nz)8131252
035    $a (OCoLC)173420521
035    $a (NLNZils)1773730-ilsdb
040    $a WN $c WN
042    $a nznb
043    $a u-nz---
245 00 $a Auckland life.
260    $a Auckland [N.Z.]
310    $a Weekly
362 0  $a 1967 Mar.8-1967 Jul.12
651  0 $a Auckland (N.Z.) $v Newspapers.
655  7 $a New Zealand newspapers. $2 local $5 Nz
